@book{klinkrad2006space,
  title={Space Debris: Models and Risk Analysis},
  author={Klinkrad, H.},
  isbn={9783540254485},
  lccn={2005936052},
  series={Astronautical Engineering},
  url={https://books.google.sk/books?id=EqD4h59KUXgC},
  year={2006},
  publisher={Springer}
}

@book{united1999technical,
  title={Technical report on space debris: text of the report adopted by the Scientific and Technical Subcommittee of the {United Nations Committee} On the Peaceful uses of Outer Space},
  author={{United Nations}. General Assembly. Committee on the Peaceful Uses of Outer Space. Scientific and Technical Subcommittee},
  isbn={9789211008135},
  lccn={99490067},
  url={https://books.google.sk/books?id=QrVTAAAAMAAJ},
  year={1999},
  publisher={United Nations}
}

@misc{esabr336,
year= "2017",
title = "Space debris: the {ESA} approach",
url = "http://www.esa.int/About_Us/ESA_Publications/ESA_Publications_Brochures/ESA_BR-336_Space_Debris_The_ESA_Approach",
howpublished = "Brochure",
note = "\url{http://www.esa.int/About_Us/ESA_Publications/ESA_Publications_Brochures/ESA_BR-336_Space_Debris_The_ESA_Approach}, accessed at 2018",
author ="ESA"
}

@phdthesis{Silha2012id,
    title    = "Identification of the Artifical Objects in Close Vicinity of the Earth",
    school   = "Comenius University",
    author   = "Šilha, Jiři",
    year     = "2012"
}

@manual{FITSdefinition,
	organization = "International Astronomical Union, {IAU}",
	title = "Definition of the Flexible Image Transport System (FITS)",
    year =  2016,
    month =  7,    
    note = "Version 4.0"
}

@online{ccsds,
	author = {{ASRC Federal Technical Services CCSDS}},
	title = {{CCSDS}},
	year = {2017},
	url = {\url{https://public.ccsds.org/about/default.aspx}},
	note = {\url{https://public.ccsds.org/about/default.aspx}, accessed at 2018},
	urldate = {2018}
}

@online{mpc,
	author = {{Minor Planet Center}},
	title = {{MPC} format},
	year = {2016},
	url = {\url{https://minorplanetcenter.net/iau/info/OpticalObs.html}},
	note = {\url{https://minorplanetcenter.net/iau/info/OpticalObs.html}, accessed at 2018},
	urldate = {2018}
}

@online{NASA,
  author = {NASA},
  title = {NASA image gallery},
  year = {2018},
  url = {\url{https://www.orbitaldebris.jsc.nasa.gov/photo-gallery.html}},
  note = {\url{https://www.orbitaldebris.jsc.nasa.gov/photo-gallery.html}, accessed at 2018},
  urldate = {29.04.2018}
}

@online{mit,
	author = {{Massachusetts Institute of Technology}},
	title = {{MIT} lab notes},
	year = {2009},
	url = {\url{https://www.ll.mit.edu/publications/labnotes/Looking_Back_3.pdf}},
	note = {\url{https://www.ll.mit.edu/publications/labnotes/Looking_Back_3.pdf}, accessed at 2018},
	urldate = {2018}
}



@online{esaogs,
	author = {{ESA Science}},
	title = {{ESA} Optical Ground Station},
	year = {2013},
	url = {\url{http://sci.esa.int/sci-fmi/36520-optical-ground-station/}},
	note = {\url{http://sci.esa.int/sci-fmi/36520-optical-ground-station/}, accessed at 2018},
	urldate = {2018}
}

@online{kafzm,
	author = {{KAFZM FMFI UK}},
	title = {Department of astronomy, physics of the Earth and meteorology},
	year = {2017},
	url = {\url{http://www.daa.fmph.uniba.sk/}},
	note = {\url{http://www.daa.fmph.uniba.sk/}, accessed at 2018},
	urldate = {2018}
}

@misc{kubica,
year= "2007",
title = "Efficient intra- and inter-night linking of asteroid detections using kd-trees",
howpublished = "paper",
note = "Icarus 189 (2007) 151–168",
author = "Jeremy {Kubica et. al.}"
}

@misc{oda,
year= "2013",
title = "Optical observation, image-processing, and detection of space debris in Geosynchronous Earth Orbit",
howpublished = "paper",
author = "Hiroshi {Oda et. al.}"
}

@article{kessler,
   author = {{Kessler}, D.~J. and {Cour-Palais}, B.~G.},
    title = "{Collision frequency of artificial satellites: The creation of a debris belt}",
     year = 1978,
    month = jun,
   volume = 83,
    pages = {2637-2646},
      doi = {10.1029/JA083iA06p02637},
      url = {\url{http://adsabs.harvard.edu/abs/1978JGR....83.2637K}},
     note = {Provided by the SAO/NASA Astrophysics Data System}
}

@online{astropy,
	author = {The {Astropy Developers}},
	title = {FITS File handling},
	year = {2018},
	url = {\url{http://docs.astropy.org/en/stable/io/fits/index.html}},
	note = {\url{http://docs.astropy.org/en/stable/io/fits/index.html}, accessed at 2018},
	urldate = {2018}
}

@book{freedman2005statistical,
  title={Statistical Models: Theory and Practice},
  author={Freedman, D.},
  isbn={9780521854832},
  lccn={2005047097},
  url={https://books.google.sk/books?id=hmt1tFDdFqEC},
  year={2005},
  publisher={Cambridge University Press}
}

@book{montenbruck2005satellite,
  title={Satellite Orbits: Models, Methods, Applications},
  author={Montenbruck, O. and Gill, E.},
  url={https://books.google.sk/books?id=KSEfngEACAAJ},
  year={2005},
  publisher={Springer}
}

@book{miller2009kd,
  title={Kd-tree},
  author={Miller, F.P. and Vandome, A.F. and McBrewster, J.},
  isbn={9786130094591},
  url={https://books.google.sk/books?id=7HN8QgAACAAJ},
  year={2009},
  publisher={VDM Publishing}
}

@article{Bentley:1975:MBS:361002.361007,
 author = {Bentley, Jon Louis},
 title = {Multidimensional Binary Search Trees Used for Associative Searching},
 journal = {Commun. ACM},
 issue_date = {Sept. 1975},
 volume = {18},
 number = {9},
 month = sep,
 year = {1975},
 issn = {0001-0782},
 pages = {509--517},
 numpages = {9},
 url = {http://doi.acm.org/10.1145/361002.361007},
 doi = {10.1145/361002.361007},
 acmid = {361007},
 publisher = {ACM},
 address = {New York, NY, USA},
 keywords = {associative retrieval, attribute, binary search trees, binary tree insertion, information retrieval system, intersection queries, key, nearest neighbor queries, partial match queries},
} 



